% references to papers in proceedings
@inproceedings{Nesbitt2022,
  title={Writing while Black: African American Vernacular English (AAVE) and perceived writing
performance},
  author={Nesbitt, Jaylin N. },
  pages={129},
  year={2022},
  url = {https://commons.lib.jmu.edu/masters202029/129},
  rationale= {This research paper gave me more insight on why this subject is very important. It showed the severity of the situation}
}

@inproceeding{Wolfram200,
author = {Wolfram, Walt},
year = {2000},
month = {01},
pages = {},
title = {The grammar of urban African American Vernacular English},
rationale= {This research paper gave me insight on how the AAVE dialect works, how the grammar is strucutured, etc. This gave me the ability to find the right data easier. It also helps me understand what is written better in the used book.}
}

@article{Harris2024,
author = {Harris, Yvette and Schroeder, Valarie},
year = {2024},
month = {12},
pages = {194-194},
title = {Language Deficits or Differences: What We Know about African American Vernacular English in the 21st Century},
volume = {6},
journal = {International Education Studies},
doi = {10.5539/ies.v6n4p194},
rationale= {This research paper also gave me more insight in how the dialect works. Combining both research papers I can find the needed data faster and  I can better predict how much of these words that fit the right parameters.}
}

